../thesis_document/references.bib